<record><leader>00000cas a22000007a 4500</leader><controlfield tag="001">14930518</controlfield><controlfield tag="008">861205d18921916ncuwr ne      0    0eng d</controlfield><datafield ind1=" " ind2=" " tag="010"><subfield code="a">sn 86090448 </subfield></datafield><datafield ind1=" " ind2=" " tag="040"><subfield code="a">PPM</subfield><subfield code="b">eng</subfield><subfield code="c">PPM</subfield><subfield code="d">NVJ</subfield><subfield code="d">OCLCQ</subfield></datafield><datafield ind1=" " ind2=" " tag="042"><subfield code="a">msc</subfield></datafield><datafield ind1="0" ind2=" " tag="130"><subfield code="a">Record (Warrenton, N.C.)</subfield></datafield><datafield ind1="1" ind2="4" tag="245"><subfield code="a">The record.</subfield></datafield><datafield ind1=" " ind2=" " tag="260"><subfield code="a">Warrenton, N.C. :</subfield><subfield code="b">B.F. Long</subfield></datafield><datafield ind1=" " ind2=" " tag="300"><subfield code="a">v. :</subfield><subfield code="b">ill. ;</subfield><subfield code="c">55 cm.</subfield></datafield><datafield ind1=" " ind2=" " tag="310"><subfield code="a">Weekly</subfield></datafield><datafield ind1="0" ind2=" " tag="362"><subfield code="a">Vol. 1, no. 1 (Nov. 17, 1892)-v. 3, no. 3 (Nov. 30, 1894) ; v. 1, no. 1 (Mar. 22, 1895)-v. 22, no. 38 (Dec. 22, 1916).</subfield></datafield><datafield ind1=" " ind2=" " tag="752"><subfield code="a">United States</subfield><subfield code="b">North Carolina</subfield><subfield code="c">Warren</subfield><subfield code="d">Warrenton.</subfield></datafield><datafield ind1="0" ind2="0" tag="785"><subfield code="t">Warren record (Warrenton, N.C.)</subfield><subfield code="w">(DLC)sn 92073168</subfield><subfield code="w">(OCoLC)13291941</subfield></datafield></record>